%BIB
@article{tian2008ensemble,
  title={An ensemble-based explicit four-dimensional variational assimilation method},
  author={Tian, Xiangjun and Xie, Zhenghui and Dai, Aiguo},
  journal={Journal of Geophysical Research: Atmospheres},
  volume={113},
  number={D21},
  year={2008},
  publisher={Wiley Online Library}
}


@article{fairbairn2014comparison,
  title={A comparison of 4DVar with ensemble data assimilation methods},
  author={Fairbairn, D and Pring, SR and Lorenc, AC and Roulstone, I},
  journal={Quarterly Journal of the Royal Meteorological Society},
  volume={140},
  number={678},
  pages={281--294},
  year={2014},
  publisher={Wiley Online Library}
}


@article{desroziers20144denvar,
  title={4DEnVar: link with 4D state formulation of variational assimilation and different possible implementations},
  author={Desroziers, G{\'e}rald and Camino, Jean-Thomas and Berre, Lo{\"\i}k},
  journal={Quarterly Journal of the Royal Meteorological Society},
  volume={140},
  number={684},
  pages={2097--2110},
  year={2014},
  publisher={Wiley Online Library}
}


@article{ruiz2016derivative,
  title={A derivative-free trust region framework for variational data assimilation},
  author={Ruiz, Elias D Nino and Sandu, Adrian},
  journal={Journal of Computational and Applied Mathematics},
  volume={293},
  pages={164--179},
  year={2016},
  publisher={Elsevier}
}


@article{stiller2009efficient2,
  title={Efficient moist physics schemes for data assimilation. II: Deep convection},
  author={Stiller, O},
  journal={Quarterly Journal of the Royal Meteorological Society},
  volume={135},
  number={640},
  pages={721--738},
  year={2009},
  publisher={Wiley Online Library}
}


@article{stiller2009efficient,
  title={Efficient moist physics schemes for data assimilation. I: Large-scale clouds and condensation},
  author={Stiller, O and Ballard, SP},
  journal={Quarterly Journal of the Royal Meteorological Society},
  volume={135},
  number={640},
  pages={707--720},
  year={2009},
  publisher={Wiley Online Library}
}


@article{yang1996statistical,
  title={Statistical errors in variational data assimilation--A theoretical one-dimensional analysis applied to Doppler wind retrieval},
  author={Yang, Shuowen and Xu, Qin},
  journal={Journal of the atmospheric sciences},
  volume={53},
  number={18},
  pages={2563--2577},
  year={1996}
}


@article{houtekamer2016review,
  title={Review of the ensemble Kalman filter for atmospheric data assimilation},
  author={Houtekamer, PL and Zhang, Fuqing},
  journal={Monthly Weather Review},
  volume={144},
  number={12},
  pages={4489--4532},
  year={2016}
}


@article{sutton2006will,
  title={Will perturbing soil moisture improve warm-season ensemble forecasts? A proof of concept},
  author={Sutton, Christian and Hamill, Thomas M and Warner, Thomas T},
  journal={Monthly weather review},
  volume={134},
  number={11},
  pages={3174--3189},
  year={2006}
}


@article{hamill2006ensemble,
  title={Ensemble-based atmospheric data assimilation},
  author={Hamill, Thomas M},
  journal={Predictability of weather and climate},
  pages={124--156},
  year={2006},
  publisher={Cambridge University Press Cambridge, UK}
}


@article{evensen1994sequential,
  title={Sequential data assimilation with a nonlinear quasi-geostrophic model using Monte Carlo methods to forecast error statistics},
  author={Evensen, Geir},
  journal={Journal of Geophysical Research: Oceans},
  volume={99},
  number={C5},
  pages={10143--10162},
  year={1994},
  publisher={Wiley Online Library}
}


@article{nino2017parallel,
  title={A parallel implementation of the ensemble Kalman filter based on modified Cholesky decomposition},
  author={Nino-Ruiz, Elias D and Sandu, Adrian and Deng, Xinwei},
  journal={Journal of Computational Science},
  year={2017},
  publisher={Elsevier}
}

@inproceedings{nino2015parallel,
  title={A parallel ensemble Kalman filter implementation based on modified Cholesky decomposition},
  author={Nino-Ruiz, Elias D and Sandu, Adrian and Deng, Xinwei},
  booktitle={Proceedings of the 6th Workshop on Latest Advances in Scalable Algorithms for Large-Scale Systems},
  pages={4},
  year={2015},
  organization={ACM}
}

@article{nino2017posterior,
  title={A Posterior Ensemble Kalman Filter Based On A Modified Cholesky Decomposition},
  author={Nino-Ruiz, Elias D and Mancilla, Alfonso and Calabria, Juan C},
  journal={Procedia Computer Science},
  volume={108},
  pages={2049--2058},
  year={2017},
  publisher={Elsevier}
}

@article{nino2017matrix,
  title={A Matrix-Free Posterior Ensemble Kalman Filter Implementation Based on a Modified Cholesky Decomposition},
  author={Nino-Ruiz, Elias D},
  journal={Atmosphere},
  volume={8},
  number={7},
  pages={125},
  year={2017},
  publisher={Multidisciplinary Digital Publishing Institute}
}


